@misc{bbc2006light,
  title = {Let there be light},
  howpublished = {\url{http://www.bbc.co.uk/programmes/b0074qv9}},
  author = {BBC}
}

@article{wilk2008eye,
  title={The eye in the spiral: Animals with pinhole visual systems},
  author={Wilk, Stephen R},
  journal={Optics and photonics news},
  volume={19},
  number={6},
  pages={12},
  year={2008},
  publisher={OSA OPTICAL SOCIETY OF AMERICA}
}
